<record><leader>00000cas a22000007a 4500</leader><controlfield tag="001">13317250</controlfield><controlfield tag="008">860320d1uuu190uinudn ne      0    0eng d</controlfield><datafield ind1=" " ind2=" " tag="010"><subfield code="a">sn 86058386 </subfield></datafield><datafield ind1=" " ind2=" " tag="040"><subfield code="a">NPI</subfield><subfield code="b">eng</subfield><subfield code="c">NPI</subfield><subfield code="d">OCLCQ</subfield></datafield><datafield ind1=" " ind2=" " tag="042"><subfield code="a">msc</subfield></datafield><datafield ind1="0" ind2=" " tag="130"><subfield code="a">Daily herald (Anderson, Ind.)</subfield></datafield><datafield ind1="1" ind2="4" tag="245"><subfield code="a">The daily herald.</subfield></datafield><datafield ind1=" " ind2=" " tag="260"><subfield code="a">Anderson, Ind. :</subfield><subfield code="b">Wallace B. Campbell</subfield></datafield><datafield ind1=" " ind2=" " tag="300"><subfield code="a">v. :</subfield><subfield code="b">ill. (chiefly advertisements) ;</subfield><subfield code="c">57 cm.</subfield></datafield><datafield ind1=" " ind2=" " tag="310"><subfield code="a">Daily (except Mon.)</subfield></datafield><datafield ind1=" " ind2=" " tag="500"><subfield code="a">"Republican."</subfield></datafield><datafield ind1=" " ind2=" " tag="580"><subfield code="a">Published also in weekly eds. called: Anderson herald (Anderson, Ind. : Weekly); and: Anderson weekly herald.</subfield></datafield><datafield ind1=" " ind2=" " tag="588"><subfield code="a">Description based on: Vol. 44, no. 95 (Dec. 22, 1900).</subfield></datafield><datafield ind1=" " ind2=" " tag="752"><subfield code="a">United States</subfield><subfield code="b">Indiana</subfield><subfield code="c">Madison</subfield><subfield code="d">Anderson.</subfield></datafield><datafield ind1="1" ind2=" " tag="775"><subfield code="t">Anderson herald (Anderson, Ind. : Weekly)</subfield><subfield code="w">(DLC)sn 84027095</subfield></datafield><datafield ind1="1" ind2=" " tag="775"><subfield code="t">Anderson weekly herald</subfield><subfield code="w">(DLC)sn 87056731</subfield></datafield><datafield ind1="0" ind2="0" tag="780"><subfield code="t">Morning herald (Anderson, Ind.)</subfield><subfield code="w">(DLC)sn 87056759</subfield></datafield><datafield ind1="0" ind2="0" tag="785"><subfield code="t">Anderson morning herald</subfield><subfield code="w">(DLC)sn 86058387</subfield></datafield></record>